%% This BibTeX bibliography file was created using BibDesk.
%% http://bibdesk.sourceforge.net/


%% Created for Lu√≠s Cruz at 2014-02-06 12:31:56 +0000 


%% Saved with string encoding Unicode (UTF-8) 



@misc{sauro2011measuring,
	Author = {Sauro, Jeff},
	Date-Added = {2014-02-06 12:30:43 +0000},
	Date-Modified = {2014-02-06 12:31:55 +0000},
	Howpublished = {Available at \url{http://www.measuringusability.com/sus.php}},
	Month = {February},
	Title = {Measuring usability with the system usability scale (SUS)},
	Year = {2011}}

@misc{satya2013resolution,
	Author = {Satya Prakash},
	Date-Added = {2014-02-05 14:55:43 +0000},
	Date-Modified = {2014-02-05 14:56:42 +0000},
	Howpublished = {available at \url{http://www.satya-weblog.com/2013/07/desktop-laptop-mobile-screen-resolution-most-common-worldwide.html}},
	Month = {July},
	Title = {Most Common Desktop/Laptop and Mobile Screen Resolution Worldwide},
	Year = {2013}}

@misc{lawton2004wai_ut,
	Author = {Shawn Lawton Henry and Justin Thorp.},
	Date-Added = {2014-02-05 14:49:01 +0000},
	Date-Modified = {2014-02-05 15:07:02 +0000},
	Howpublished = {Available at \url{http://www.w3.org/WAI/redesign/eval-sum.html}},
	Month = {2004},
	Title = {WAI Site Usability Testing Planning},
	Year = {March}}

@article{bangor2009determining,
	Author = {Bangor, Aaron and Kortum, Philip and Miller, James},
	Date-Added = {2014-02-04 17:59:30 +0000},
	Date-Modified = {2014-02-04 17:59:30 +0000},
	Journal = {Journal of usability studies},
	Number = {3},
	Pages = {114--123},
	Publisher = {University of applied science of H{\"a}me},
	Title = {Determining what individual SUS scores mean: Adding an adjective rating scale},
	Volume = {4},
	Year = {2009}}

@article{brooke1996sus,
	Author = {Brooke, John},
	Date-Added = {2014-02-03 10:42:10 +0000},
	Date-Modified = {2014-02-05 15:05:53 +0000},
	Journal = {Usability evaluation in industry},
	Pages = {194},
	Publisher = {London: Taylor \& Francis},
	Title = {{SUS} - A quick and dirty usability scale},
	Volume = {189},
	Year = {1996}}

@article{nielsen1995rating,
	Author = {Jakob Nielsen},
	Date-Added = {2014-01-27 16:33:18 +0000},
	Date-Modified = {2014-01-27 16:34:53 +0000},
	Journal = {Nielsen Norman Group, available at \url{http://www.nngroup.com/articles/how-to-rate-the-severity-of-usability-problems/}},
	Month = {January},
	Title = {Severity Ratings for Usability Problems},
	Year = {1995}}

@article{lewis2006usability,
	Author = {Lewis, James R},
	Date-Added = {2014-01-05 14:28:41 +0000},
	Date-Modified = {2014-01-05 14:28:41 +0000},
	Journal = {Handbook of human factors and ergonomics},
	Pages = {e30},
	Publisher = {Wiley, New York},
	Title = {Usability testing},
	Volume = {12},
	Year = {2006}}

@book{lazar2010research,
	Author = {Lazar, Jonathan and Feng, Jinjuan Heidi and Hochheiser, Harry},
	Date-Added = {2014-01-05 12:47:18 +0000},
	Date-Modified = {2014-01-05 12:47:18 +0000},
	Publisher = {Wiley. com},
	Title = {Research methods in human-computer interaction},
	Year = {2010}}

@book{mitchell2007step,
	Author = {Mitchell, Peter P},
	Date-Added = {2014-01-05 10:39:51 +0000},
	Date-Modified = {2014-01-05 10:39:51 +0000},
	Publisher = {iUniverse, Inc.},
	Title = {A step-by-step guide to usability testing},
	Year = {2007}}

@misc{CP2012aa,
	Author = {{CP - Comboios de Portugal}},
	Date-Added = {2014-01-04 20:02:48 +0000},
	Date-Modified = {2014-01-04 20:08:17 +0000},
	Howpublished = {Available at: \url{http://cp.pt/cp/displayPage.do?vgnextoid=360a4ff42133f310VgnVCM100000be01a8c0RCRD}},
	Note = {Accessed: January 4, 2014},
	Title = {Relat{\'o}rio e Contas Consolidadas do Grupo {CP} de 2012},
	Year = {2012}}

@misc{iusr2006cif,
	Author = {Brian Stanton},
	Date-Added = {2014-01-04 19:53:45 +0000},
	Date-Modified = {2014-01-04 20:00:28 +0000},
	Howpublished = {Industry USability Reporting, available at \url{http://zing.ncsl.nist.gov/iusr/documents/whatistheCIF.html}},
	Month = {September},
	Note = {Accessed: January 4, 2014},
	Title = {What is the CIF?},
	Year = {2006}}

@article{nielsen1995ten,
	Author = {Jakob Nielsen},
	Date-Added = {2014-01-04 19:05:34 +0000},
	Date-Modified = {2014-01-04 19:10:37 +0000},
	Journal = {Nielsen Norman Group, available at \url{http://www.nngroup.com/articles/ten-usability-heuristics/}},
	Month = {January},
	Title = {10 Usability Heuristics for User Interface Design},
	Year = {1995}}

@inproceedings{nielsen1992finding,
	Author = {Nielsen, Jakob},
	Booktitle = {Proceedings of the SIGCHI conference on Human factors in computing systems},
	Date-Added = {2014-01-04 18:54:42 +0000},
	Date-Modified = {2014-01-04 18:54:42 +0000},
	Organization = {ACM},
	Pages = {373--380},
	Title = {Finding usability problems through heuristic evaluation},
	Year = {1992}}

@inproceedings{spencer2000streamlined,
	Author = {Spencer, Rick},
	Booktitle = {Proceedings of the SIGCHI conference on Human factors in computing systems},
	Date-Added = {2014-01-04 17:49:31 +0000},
	Date-Modified = {2014-01-04 17:49:31 +0000},
	Organization = {ACM},
	Pages = {353--359},
	Title = {The streamlined cognitive walkthrough method, working around social constraints encountered in a software development company},
	Year = {2000}}

@inproceedings{wharton1994cognitive,
	Author = {Wharton, Cathleen and Rieman, John and Lewis, Clayton and Polson, Peter},
	Booktitle = {Usability inspection methods},
	Date-Added = {2014-01-04 17:47:42 +0000},
	Date-Modified = {2014-01-04 17:47:42 +0000},
	Organization = {John Wiley \& Sons, Inc.},
	Pages = {105--140},
	Title = {The cognitive walkthrough method: A practitioner's guide},
	Year = {1994}}

@inproceedings{nielsen1990heuristic,
	Author = {Nielsen, Jakob and Molich, Rolf},
	Booktitle = {Proceedings of the SIGCHI conference on Human factors in computing systems},
	Date-Added = {2014-01-04 17:40:29 +0000},
	Date-Modified = {2014-01-04 17:40:29 +0000},
	Organization = {ACM},
	Pages = {249--256},
	Title = {Heuristic evaluation of user interfaces},
	Year = {1990}}

@incollection{schneider2010collision,
	Author = {Schneider, Johannes and Wattenhofer, Roger},
	Booktitle = {Distributed Computing},
	Date-Added = {2013-12-31 16:38:28 +0000},
	Date-Modified = {2013-12-31 16:39:10 +0000},
	Doi = {10.1007/978-3-642-15763-9_14},
	Editor = {Lynch, NancyA. and Shvartsman, AlexanderA.},
	Isbn = {978-3-642-15762-2},
	Pages = {133-147},
	Publisher = {Springer Berlin Heidelberg},
	Series = {Lecture Notes in Computer Science},
	Title = {What Is the Use of Collision Detection (in Wireless Networks)?},
	Url = {http://dx.doi.org/10.1007/978-3-642-15763-9_14},
	Volume = {6343},
	Year = {2010},
	Bdsk-Url-1 = {http://dx.doi.org/10.1007/978-3-642-15763-9_14}}

@article{kaynar2005theory,
	Author = {Kaynar, Dilsun K and Lynch, Nancy and Segala, Roberto and Vaandrager, Frits},
	Date-Added = {2013-12-30 17:30:15 +0000},
	Date-Modified = {2013-12-30 17:30:15 +0000},
	Journal = {Synthesis lectures on computer science. Morgan Claypool},
	Title = {The theory of timed I/O automata},
	Year = {2005}}

@article{ghaffari2012leader,
	Author = {Ghaffari, Mohsen and Lynch, Nancy and Sastry, Srikanth},
	Date-Added = {2013-12-30 12:44:21 +0000},
	Date-Modified = {2013-12-30 12:44:21 +0000},
	Journal = {Distributed Computing},
	Number = {6},
	Pages = {427--450},
	Publisher = {Springer},
	Title = {Leader election using loneliness detection},
	Volume = {25},
	Year = {2012}}

@article{huang2006ga,
	Author = {Huang, Cheng-Lung and Wang, Chieh-Jen},
	Date-Added = {2013-11-21 17:22:18 +0000},
	Date-Modified = {2013-11-21 17:22:18 +0000},
	Journal = {Expert Systems with applications},
	Number = {2},
	Pages = {231--240},
	Publisher = {Elsevier},
	Title = {A GA-based feature selection and parameters optimizationfor support vector machines},
	Volume = {31},
	Year = {2006}}

@article{poll2011,
	Author = {KDnuggets},
	Date-Added = {2013-11-21 17:14:51 +0000},
	Date-Modified = {2013-11-21 17:32:34 +0000},
	Journal = {Full results available at http://www.kdnuggets.com/polls/2011/tools\_analytics\_data\_mining.html},
	Month = {5},
	Title = {Data Mining/Analytic Tools Used},
	Year = {2011}}

@inproceedings{frohlich2003feature,
	Author = {Frohlich, Holger and Chapelle, Olivier and Scholkopf, Bernhard},
	Booktitle = {Tools with Artificial Intelligence, 2003. Proceedings. 15th IEEE International Conference on},
	Date-Added = {2013-11-20 17:47:07 +0000},
	Date-Modified = {2013-11-20 17:47:07 +0000},
	Organization = {IEEE},
	Pages = {142--148},
	Title = {Feature selection for support vector machines by means of genetic algorithm},
	Year = {2003}}

@incollection{yang1998feature,
	Author = {Yang, Jihoon and Honavar, Vasant},
	Booktitle = {Feature extraction, construction and selection},
	Date-Added = {2013-11-20 17:45:24 +0000},
	Date-Modified = {2013-11-20 17:45:24 +0000},
	Pages = {117--136},
	Publisher = {Springer},
	Title = {Feature subset selection using a genetic algorithm},
	Year = {1998}}

@article{woods1997generating,
	Author = {Woods, Kevin and Bowyer, Kevin W},
	Date-Added = {2013-11-20 17:42:48 +0000},
	Date-Modified = {2013-11-20 17:42:48 +0000},
	Journal = {Medical Imaging, IEEE Transactions on},
	Number = {3},
	Pages = {329--337},
	Publisher = {IEEE},
	Title = {Generating ROC curves for artificial neural networks},
	Volume = {16},
	Year = {1997}}

@article{mingers1989empirical,
	Author = {Mingers, John},
	Date-Added = {2013-11-20 15:21:49 +0000},
	Date-Modified = {2013-11-20 15:21:49 +0000},
	Journal = {Machine learning},
	Number = {4},
	Pages = {319--342},
	Publisher = {Springer},
	Title = {An empirical comparison of selection measures for decision-tree induction},
	Volume = {3},
	Year = {1989}}

@article{breiman1984classification,
	Author = {Breiman, Leo and Friedman, Jerome H and Olshen, Richard A and Stone, Charles J},
	Date-Added = {2013-11-20 15:15:40 +0000},
	Date-Modified = {2013-11-20 15:15:40 +0000},
	Journal = {Monterey, CA},
	Title = {Classification and regression trees. Wadsworth \& Brooks},
	Year = {1984}}

@article{schowe2010feature,
	Author = {Schowe, Benjamin and Dortmund--LS, TU},
	Date-Added = {2013-11-20 14:47:32 +0000},
	Date-Modified = {2013-11-20 14:47:32 +0000},
	Journal = {Technical University of Dortmund},
	Title = {Feature Selection for high-dimensional data with RapidMiner},
	Year = {2010}}

@book{vapnik2000nature,
	Author = {Vapnik, Vladimir},
	Date-Added = {2013-11-19 17:41:06 +0000},
	Date-Modified = {2013-11-19 17:41:06 +0000},
	Publisher = {springer},
	Title = {The nature of statistical learning theory},
	Year = {2000}}

@article{fawcett2006roc,
	Author = {Fawcett, Tom},
	Date-Added = {2013-11-19 16:15:00 +0000},
	Date-Modified = {2013-11-19 16:15:14 +0000},
	Journal = {Pattern recognition letters},
	Number = {8},
	Pages = {861--874},
	Publisher = {Elsevier},
	Title = {An introduction to ROC analysis},
	Volume = {27},
	Year = {2006}}

@book{witten2005data,
	Author = {Witten, Ian H and Frank, Eibe},
	Date-Added = {2013-11-19 12:44:24 +0000},
	Date-Modified = {2013-11-19 12:44:24 +0000},
	Publisher = {Morgan Kaufmann},
	Title = {Data Mining: Practical machine learning tools and techniques},
	Year = {2005}}

@book{bragg2012business,
	Author = {Bragg, Steven M},
	Date-Added = {2013-11-12 19:40:28 +0000},
	Date-Modified = {2013-11-12 19:40:28 +0000},
	Publisher = {Wiley. com},
	Title = {Business ratios and formulas: a comprehensive guide},
	Volume = {577},
	Year = {2012}}

@article{crisp,
	Author = {Shearer, Colin},
	Date-Added = {2013-11-12 18:19:24 +0000},
	Date-Modified = {2013-11-12 18:19:34 +0000},
	Journal = {Journal of data warehousing},
	Number = {4},
	Pages = {13--22},
	Publisher = {THE DATA WAREHOUSE INSTITUTE},
	Title = {The CRISP-DM model: the new blueprint for data mining},
	Volume = {5},
	Year = {2000}}

@article{dimitras1996,
	Author = {Dimitras, Augustinos I and Zanakis, Stelios H and Zopounidis, Constantin},
	Date-Added = {2013-11-12 18:00:28 +0000},
	Date-Modified = {2013-11-12 18:00:38 +0000},
	Journal = {European Journal of Operational Research},
	Number = {3},
	Pages = {487--513},
	Publisher = {Elsevier},
	Title = {A survey of business failures with an emphasis on prediction methods and industrial applications},
	Volume = {90},
	Year = {1996}}

@article{han2001data,
	Author = {Han, Jiawei and Kamber, Micheline and others},
	Date-Added = {2013-10-28 20:47:08 +0000},
	Date-Modified = {2013-10-28 20:47:08 +0000},
	Journal = {China Machine Press},
	Pages = {3--6},
	Title = {Data mining: Concepts and techniques},
	Volume = {8},
	Year = {2001}}

@comment{BibDesk Static Groups{
<?xml version="1.0" encoding="UTF-8"?>
<!DOCTYPE plist PUBLIC "-//Apple//DTD PLIST 1.0//EN" "http://www.apple.com/DTDs/PropertyList-1.0.dtd">
<plist version="1.0">
<array>
	<dict>
		<key>group name</key>
		<string>DCO</string>
		<key>keys</key>
		<string>ghaffari2012leader,kaynar2005theory,schneider2010collision</string>
	</dict>
	<dict>
		<key>group name</key>
		<string>DM</string>
		<key>keys</key>
		<string>han2001data,mingers1989empirical,crisp,dimitras1996,vapnik2000nature,poll2011,woods1997generating,witten2005data,schowe2010feature,bragg2012business,yang1998feature,frohlich2003feature,breiman1984classification,huang2006ga,fawcett2006roc</string>
	</dict>
	<dict>
		<key>group name</key>
		<string>HCI</string>
		<key>keys</key>
		<string>nielsen1992finding,spencer2000streamlined,wharton1994cognitive,mitchell2007step,CP2012aa,iusr2006cif,lewis2006usability,lazar2010research,nielsen1990heuristic</string>
	</dict>
</array>
</plist>
}}
